@Book {
    mittelbach,
    author = { Frank Mittelbach and Michel Goossens and Johannes
                Braams and David Carlisle and Chris Rowley and
                Christine Detig and Joachim Schrod } ,
    title = { The {\ LaTeX } Companion } ,
    edition = { Second } ,
    year = {2004}
}

@misc { wiki ,
    author = " Wikipedia " ,
    title = " Natural law --- Wikipedia { ,} The Free Encyclopedia " ,
    year = "2006" ,
    url = "\ url {...}" ,
    note = "[ Online ; accessed 11 - March -2006]"
}

@misc {
    google_webmaster,
    title = "Google Webmaster" ,
    url = "http://www.google.com/webmasters/",
}

@misc {
    meta_tags,
    title = "Meta Tags" ,
    url = "http://searchenginewatch.com/article/2067564/How-To-Use-HTML-Meta-Tags",
}

@misc {
    sitemap,
    title = "Sitemap" ,
    url = "https://support.google.com/webmasters/answer/156184?hl=de",
}

@misc {
    meta_tags_selfhtml,
    title = "Meta Tags",
    url = "http://de.selfhtml.org/html/kopfdaten/meta.htm",
}

@misc {
    testimonial,
    title = "Testimonial",
    url = "http://de.wikipedia.org/wiki/Testimonial",
}

@misc {
    seo,
    title = "Einf√ºhrung in Suchmaschinenoptimierung",
    url = "https://static.googleusercontent.com/external_content/untrusted_dlcp/www.google.de/de/de/webmasters/docs/einfuehrung-in-suchmaschinenoptimierung.pdf",
}

@misc {
    link_farm,
    title = "Linkfarm",
    url = "http://de.wikipedia.org/wiki/Linkfarm",
}

@misc {
    html5,
    title = "HTML5",
    url = "http://de.wikipedia.org/wiki/HTML5",
}

@misc {
    semantisches_web,
    title = "Semantisches Web",
    url = "http://de.wikipedia.org/wiki/Semantisches_Web",
}

@misc {
    pagespeed,
    title = "mod\_pagespeed",
    url = "https://developers.google.com/speed/pagespeed/?hl=de",
}

@misc {
    speed,
    title = "Speed",
    url = "https://developers.google.com/speed/articles/?hl=de",
}

@misc {
    speaking_urls,
    title = "Speaking URLs",
    url = "http://de.wikipedia.org/wiki/Clean_URL",
}

@misc {
    analytics,
    title = "Google Analytics",
    url = "http://www.google.com/analytics/",
}